@article{pereira1991multi,
  title={Multi-stage stochastic optimization applied to energy planning},
  author={Pereira, Mario VF and Pinto, Leontina MVG},
  journal={Mathematical programming},
  volume={52},
  pages={359--375},
  year={1991},
  publisher={Springer}
}

@article{shapiro2011analysis,
  title={Analysis of stochastic dual dynamic programming method},
  author={Shapiro, Alexander},
  journal={European Journal of Operational Research},
  volume={209},
  number={1},
  pages={63--72},
  year={2011},
  publisher={Elsevier}
}

@article{rockafellar1993lagrange,
  title={Lagrange multipliers and optimality},
  author={Rockafellar, R Tyrrell},
  journal={SIAM review},
  volume={35},
  number={2},
  pages={183--238},
  year={1993},
  publisher={SIAM}
}

@article{girardeau2015convergence,
  title={On the convergence of decomposition methods for multistage stochastic convex programs},
  author={Girardeau, Pierre and Leclere, Vincent and Philpott, Andrew B},
  journal={Mathematics of Operations Research},
  volume={40},
  number={1},
  pages={130--145},
  year={2015},
  publisher={INFORMS}
}

@article{linowsky2005convergence,
  title={On the convergence of sampling-based decomposition algorithms for multistage stochastic programs},
  author={Linowsky, Karsten and Philpott, Andrew B},
  journal={Journal of optimization theory and applications},
  volume={125},
  number={2},
  pages={349--366},
  year={2005},
  publisher={Springer}
}

@article{philpott2008convergence,
  title={On the convergence of stochastic dual dynamic programming and related methods},
  author={Philpott, Andrew B and Guan, Ziming},
  journal={Operations Research Letters},
  volume={36},
  number={4},
  pages={450--455},
  year={2008},
  publisher={Elsevier}
}

@article{infanger1996cut,
  title={Cut sharing for multistage stochastic linear programs with interstage dependency},
  author={Infanger, Gerd and Morton, David P},
  journal={Mathematical Programming},
  volume={75},
  number={2},
  pages={241--256},
  year={1996},
  publisher={Springer}
}

@article{downward2020stochastic,
  title={Stochastic dual dynamic programming with stagewise-dependent objective uncertainty},
  author={Downward, Anthony and Dowson, Oscar and Baucke, Regan},
  journal={Operations Research Letters},
  volume={48},
  number={1},
  pages={33--39},
  year={2020},
  publisher={Elsevier}
}

@article{dantzig1955linear,
  title={Linear programming under uncertainty},
  author={Dantzig, George B},
  journal={Management science},
  volume={1},
  number={3-4},
  pages={197--206},
  year={1955},
  publisher={Informs}
}

@article{beale1955minimizing,
  title={On minimizing a convex function subject to linear inequalities},
  author={Beale, Evelyn ML},
  journal={Journal of the Royal Statistical Society: Series B (Methodological)},
  volume={17},
  number={2},
  pages={173--184},
  year={1955},
  publisher={Wiley Online Library}
}

@book{birge2011introduction,
  title={Introduction to stochastic programming},
  author={Birge, John R and Louveaux, Francois},
  year={2011},
  publisher={Springer Science \& Business Media}
}

@misc{powell2021reinforcement,
  title={Reinforcement learning and stochastic optimization},
  author={Powell, Warren B},
  year={2021},
  publisher={John Wiley \& Sons, Hoboken, NJ}
}

@article{pacaud2022optimization,
  title={Optimization of a domestic microgrid equipped with solar panel and battery: Model Predictive Control and Stochastic Dual Dynamic Programming approaches},
  author={Pacaud, Fran{\c{c}}ois and Carpentier, Pierre and Chancelier, Jean-Philippe and De Lara, Michel},
  journal={Energy Systems},
  pages={1--25},
  year={2022},
  publisher={Springer}
}

@article{gonzalez2017solar,
    title={Solar hourly generation time series at country, NUTS 1, NUTS 2 level and bidding zones},
  author={Gonzalez Aparicio, Iratxe and
                  Huld, Thomas and
                  Careri, Francesco and
                  Monforti Ferrario, Fabio and
                  Zucker, Andreas},
  year={2017},
  publisher={European Commission, Joint Research Centre (JRC)},
  url={http://data.europa.eu/89h/jrc-emhires-solar-generation-time-series}
}

@dataset{bdew2017slp,
    title={Standardlastprofile Strom},
    publisher={Bundesverband der Energie- und Wasserwirtschaft e.V.},
    url={https://www.bdew.de/energie/standardlastprofile-strom/}
}

@unpublished{fuellner2021stochastic,
  title={Stochastic Dual Dynamic Programming And Its Variants – A Review},
  author={Füllner, Christian and Rebennack, Steffen},
  note={Preprint. Karlsruhe Institute of Technology},
  year={2023},
  publisher={Karlsruhe Institute of Technology},
  url={https://optimization-online.org/?p=16920}
}

@article{shapiro2021tutorial,
  title={Tutorial on risk neutral, distributionally robust and risk averse multistage stochastic programming},
  author={Shapiro, Alexander},
  journal={European Journal of Operational Research},
  volume={288},
  number={1},
  pages={1--13},
  year={2021},
  publisher={Elsevier}
}

@book{shapiro2009lectures,
author = {Shapiro, Alexander and Dentcheva, Darinka and Ruszczyński, Andrzej},
title = {Lectures on Stochastic Programming},
publisher = {Society for Industrial and Applied Mathematics},
year = {2009},
doi = {10.1137/1.9780898718751},
address = {},
edition   = {},
URL = {https://epubs.siam.org/doi/abs/10.1137/1.9780898718751},
eprint = {https://epubs.siam.org/doi/pdf/10.1137/1.9780898718751}
}

@book{rockafellar1997convex,
  title={Convex analysis},
  author={Rockafellar, R Tyrrell},
  volume={11},
  year={1997},
  publisher={Princeton university press}
}

@book{sutton2018reinforcement,
  title={Reinforcement learning: An introduction},
  author={Sutton, Richard S and Barto, Andrew G},
  year={2018}
}

@article{avila2023batch,
  title={Batch Learning SDDP for Long-Term Hydrothermal Planning},
  author={{\'A}vila, Daniel and Papavasiliou, Anthony and L{\"o}hndorf, Nils},
  journal={IEEE Transactions on Power Systems},
  year={2023},
  publisher={IEEE}
}

@book{bauerle2011markov,
  title={Markov decision processes with applications to finance},
  author={B{\"a}uerle, Nicole and Rieder, Ulrich},
  year={2011},
  publisher={Springer Science \& Business Media}
}

@phdthesis{watkins1989learning,
  title={Learning from delayed rewards},
  author={Watkins, Christopher JCH},
  year={1989},
  university={King's College, Cambridge, United Kingdom}
}

@article{watkins1992q,
  title={Q-learning},
  author={Watkins, Christopher JCH and Dayan, Peter},
  journal={Machine learning},
  volume={8},
  pages={279--292},
  year={1992},
  publisher={Springer}
}

@article{lin1992self,
  title={Self-improving reactive agents based on reinforcement learning, planning and teaching},
  author={Lin, Long-Ji},
  journal={Machine learning},
  volume={8},
  pages={293--321},
  year={1992},
  publisher={Springer}
}

@article{schaul2015prioritized,
  title={Prioritized experience replay},
  author={Schaul, Tom and Quan, John and Antonoglou, Ioannis and Silver, David},
  journal={arXiv preprint arXiv:1511.05952},
  year={2015}
}

@inproceedings{fedus2020revisiting,
  title={Revisiting fundamentals of experience replay},
  author={Fedus, William and Ramachandran, Prajit and Agarwal, Rishabh and Bengio, Yoshua and Larochelle, Hugo and Rowland, Mark and Dabney, Will},
  booktitle={International Conference on Machine Learning},
  pages={3061--3071},
  year={2020},
  organization={PMLR}
}

@article{mnih2013playing,
  title={Playing atari with deep reinforcement learning},
  author={Mnih, Volodymyr and Kavukcuoglu, Koray and Silver, David and Graves, Alex and Antonoglou, Ioannis and Wierstra, Daan and Riedmiller, Martin},
  journal={arXiv preprint arXiv:1312.5602},
  year={2013}
}

@mastersthesis{asadi2016strengths,
  author  = "Asadi Atui, Kavosh",
  title   = "Strengths, Weaknesses, and Combinations of Model-based and Model-free Reinforcement Learning",
  school  = "Department of Computing Science, University of Alberta",
  year    = "2016"
}








